
    <zs:record>
      <zs:recordSchema/>
      <zs:recordPacking>xml</zs:recordPacking>
      <zs:recordData>
        <record xmlns="http://www.loc.gov/MARC21/slim">
          <leader>01177cam a2200289 i 4500</leader>
          <controlfield tag="001">420856</controlfield>
          <controlfield tag="005">20130408132949.0</controlfield>
          <controlfield tag="008">800918s1978    nz abe   b    000 0 eng  </controlfield>
          <datafield tag="906" ind1=" " ind2=" ">
            <subfield code="a">7</subfield>
            <subfield code="b">cbc</subfield>
            <subfield code="c">orignew</subfield>
            <subfield code="d">4</subfield>
            <subfield code="e">ncip</subfield>
            <subfield code="f">19</subfield>
            <subfield code="g">y-gencatlg</subfield>
          </datafield>
          <datafield tag="010" ind1=" " ind2=" ">
            <subfield code="a">   80494088 </subfield>
          </datafield>
          <datafield tag="015" ind1=" " ind2=" ">
            <subfield code="a">NZ78-7</subfield>
          </datafield>
          <datafield tag="035" ind1=" " ind2=" ">
            <subfield code="9">(DLC)   80494088</subfield>
          </datafield>
          <datafield tag="040" ind1=" " ind2=" ">
            <subfield code="a">DLC</subfield>
            <subfield code="c">DLC</subfield>
            <subfield code="d">DLC</subfield>
          </datafield>
          <datafield tag="043" ind1=" " ind2=" ">
            <subfield code="a">u-nz---</subfield>
          </datafield>
          <datafield tag="050" ind1="0" ind2="0">
            <subfield code="a">DU423.A55</subfield>
            <subfield code="b">F69</subfield>
          </datafield>
          <datafield tag="082" ind1="0" ind2="0">
            <subfield code="a">993.12/5</subfield>
            <subfield code="2">19</subfield>
          </datafield>
          <datafield tag="100" ind1="1" ind2=" ">
            <subfield code="a">Fox, Aileen,</subfield>
            <subfield code="d">1907-2005.</subfield>
          </datafield>
          <datafield tag="245" ind1="1" ind2="0">
            <subfield code="a">Tiromoana Pa, Te Awanga, Hawke's Bay :</subfield>
            <subfield code="b">excavations, 1974-5 /</subfield>
            <subfield code="c">by Aileen Fox.</subfield>
          </datafield>
          <datafield tag="260" ind1=" " ind2=" ">
            <subfield code="a">[Dunedin] :</subfield>
            <subfield code="b">University of Otago, Dept. of Anthropology,</subfield>
            <subfield code="c">1978.</subfield>
          </datafield>
          <datafield tag="300" ind1=" " ind2=" ">
            <subfield code="a">v leaves, 72 p. :</subfield>
            <subfield code="b">ill., maps, plans ;</subfield>
            <subfield code="c">30 cm.</subfield>
          </datafield>
          <datafield tag="490" ind1="1" ind2=" ">
            <subfield code="a">Otago University studies in prehistoric anthropology ; v. 11</subfield>
            <subfield code="x">0110-3709</subfield>
          </datafield>
          <datafield tag="490" ind1="1" ind2=" ">
            <subfield code="a">Monograph - New Zealand Archaeological Association ; no. 8</subfield>
          </datafield>
          <datafield tag="504" ind1=" " ind2=" ">
            <subfield code="a">Includes bibliographies.</subfield>
          </datafield>
          <datafield tag="651" ind1=" " ind2="0">
            <subfield code="a">Tiromoana Pa site, N.Z.</subfield>
          </datafield>
          <datafield tag="810" ind1="1" ind2=" ">
            <subfield code="a">Dunedin, N.Z.</subfield>
            <subfield code="b">University of Otago.</subfield>
            <subfield code="b">Anthropology Department.</subfield>
            <subfield code="t">Otago University studies in prehistoric anthropology ;</subfield>
            <subfield code="v">v. 11.</subfield>
          </datafield>
          <datafield tag="830" ind1=" " ind2="0">
            <subfield code="a">Monograph (New Zealand Archaeological Association) ;</subfield>
            <subfield code="v">8.</subfield>
          </datafield>
          <datafield tag="991" ind1=" " ind2=" ">
            <subfield code="b">c-GenColl</subfield>
            <subfield code="h">DU423.A55</subfield>
            <subfield code="i">F69</subfield>
            <subfield code="t">Copy 1</subfield>
            <subfield code="w">BOOKS</subfield>
          </datafield>
        </record>
      </zs:recordData>
      <zs:recordPosition>10</zs:recordPosition>
    </zs:record>