
    <zs:record>
      <zs:recordSchema/>
      <zs:recordPacking>xml</zs:recordPacking>
      <zs:recordData>
        <record xmlns="http://www.loc.gov/MARC21/slim">
          <leader>01720cam a2200385 a 4500</leader>
          <controlfield tag="001">16883109</controlfield>
          <controlfield tag="005">20230805174039.0</controlfield>
          <controlfield tag="008">110721s2011    alua     b    001 0beng  </controlfield>
          <datafield tag="906" ind1=" " ind2=" ">
            <subfield code="a">7</subfield>
            <subfield code="b">cbc</subfield>
            <subfield code="c">orignew</subfield>
            <subfield code="d">1</subfield>
            <subfield code="e">ecip</subfield>
            <subfield code="f">20</subfield>
            <subfield code="g">y-gencatlg</subfield>
          </datafield>
          <datafield tag="925" ind1="0" ind2=" ">
            <subfield code="a">acquire</subfield>
            <subfield code="b">1 shelf copy</subfield>
            <subfield code="x">policy default</subfield>
            <subfield code="e">claim1  2011-12-22</subfield>
          </datafield>
          <datafield tag="955" ind1=" " ind2=" ">
            <subfield code="b">rf14 2011-07-21</subfield>
            <subfield code="i">rf14 2011-07-21; to Dewey 2011-07-22</subfield>
            <subfield code="w">rd13 2011-07-29</subfield>
            <subfield code="a">xn04 2012-04-20 1 copy rec'd., to CIP ver.</subfield>
            <subfield code="f">rg07 2012-05-18 (telework)</subfield>
          </datafield>
          <datafield tag="010" ind1=" " ind2=" ">
            <subfield code="a">  2011030787</subfield>
          </datafield>
          <datafield tag="020" ind1=" " ind2=" ">
            <subfield code="a">9781588382436 (hc)</subfield>
          </datafield>
          <datafield tag="020" ind1=" " ind2=" ">
            <subfield code="a">1588382435 (hc)</subfield>
          </datafield>
          <datafield tag="040" ind1=" " ind2=" ">
            <subfield code="a">DLC</subfield>
            <subfield code="c">DLC</subfield>
            <subfield code="d">DLC</subfield>
          </datafield>
          <datafield tag="042" ind1=" " ind2=" ">
            <subfield code="a">pcc</subfield>
          </datafield>
          <datafield tag="043" ind1=" " ind2=" ">
            <subfield code="a">n-us-al</subfield>
          </datafield>
          <datafield tag="050" ind1="0" ind2="0">
            <subfield code="a">QE22.S598</subfield>
            <subfield code="b">H36 2011</subfield>
          </datafield>
          <datafield tag="082" ind1="0" ind2="0">
            <subfield code="a">551.092</subfield>
            <subfield code="a">B</subfield>
            <subfield code="2">23</subfield>
          </datafield>
          <datafield tag="100" ind1="1" ind2=" ">
            <subfield code="a">Henderson, Aileen Kilgore,</subfield>
            <subfield code="d">1921-2023.</subfield>
          </datafield>
          <datafield tag="245" ind1="1" ind2="0">
            <subfield code="a">Eugene Allen Smith's Alabama :</subfield>
            <subfield code="b">how a geologist shaped a state /</subfield>
            <subfield code="c">Aileen Kilgore Henderson ; foreword by Lewis Dean.</subfield>
          </datafield>
          <datafield tag="260" ind1=" " ind2=" ">
            <subfield code="a">Montgomery :</subfield>
            <subfield code="b">NewSouth Books,</subfield>
            <subfield code="c">c2011.</subfield>
          </datafield>
          <datafield tag="300" ind1=" " ind2=" ">
            <subfield code="a">xv, 256 p. :</subfield>
            <subfield code="b">ill. ;</subfield>
            <subfield code="c">25 cm.</subfield>
          </datafield>
          <datafield tag="504" ind1=" " ind2=" ">
            <subfield code="a">Includes bibliographical references and index.</subfield>
          </datafield>
          <datafield tag="505" ind1="0" ind2=" ">
            <subfield code="a">The First Decade, 1873-83 -- The Second Decade, 1884-93 -- The Third Decade, 1894-1903 -- The Fourth Decade, 1904-1913 -- The Fifth Decade, 1914-1927 -- Gazetteer.</subfield>
          </datafield>
          <datafield tag="600" ind1="1" ind2="0">
            <subfield code="a">Smith, Eugene Allen,</subfield>
            <subfield code="d">1841-1927.</subfield>
          </datafield>
          <datafield tag="600" ind1="1" ind2="0">
            <subfield code="a">Smith, Eugene Allen,</subfield>
            <subfield code="d">1841-1927</subfield>
            <subfield code="x">Influence.</subfield>
          </datafield>
          <datafield tag="650" ind1=" " ind2="0">
            <subfield code="a">Geologists</subfield>
            <subfield code="z">Alabama</subfield>
            <subfield code="v">Biography.</subfield>
          </datafield>
          <datafield tag="651" ind1=" " ind2="0">
            <subfield code="a">Alabama</subfield>
            <subfield code="x">Officials and employees</subfield>
            <subfield code="v">Biography.</subfield>
          </datafield>
          <datafield tag="650" ind1=" " ind2="0">
            <subfield code="a">College teachers</subfield>
            <subfield code="z">Alabama</subfield>
            <subfield code="v">Biography.</subfield>
          </datafield>
          <datafield tag="610" ind1="2" ind2="0">
            <subfield code="a">University of Alabama</subfield>
            <subfield code="x">Faculty</subfield>
            <subfield code="v">Biography.</subfield>
          </datafield>
          <datafield tag="650" ind1=" " ind2="0">
            <subfield code="a">Geology</subfield>
            <subfield code="z">Alabama</subfield>
            <subfield code="x">History.</subfield>
          </datafield>
          <datafield tag="650" ind1=" " ind2="0">
            <subfield code="a">Scientific expeditions</subfield>
            <subfield code="z">Alabama</subfield>
            <subfield code="x">History.</subfield>
          </datafield>
          <datafield tag="650" ind1=" " ind2="0">
            <subfield code="a">Industrialization</subfield>
            <subfield code="z">Alabama</subfield>
            <subfield code="x">History.</subfield>
          </datafield>
          <datafield tag="650" ind1=" " ind2="0">
            <subfield code="a">Social change</subfield>
            <subfield code="z">Alabama</subfield>
            <subfield code="x">History.</subfield>
          </datafield>
        </record>
      </zs:recordData>
      <zs:recordPosition>11</zs:recordPosition>
    </zs:record>