
    <zs:record>
      <zs:recordSchema/>
      <zs:recordPacking>xml</zs:recordPacking>
      <zs:recordData>
        <record xmlns="http://www.loc.gov/MARC21/slim">
          <leader>01534cam a2200313 a 4500</leader>
          <controlfield tag="001">12646304</controlfield>
          <controlfield tag="005">20230805173944.0</controlfield>
          <controlfield tag="008">020116s2002    txua          000 0aeng  </controlfield>
          <datafield tag="906" ind1=" " ind2=" ">
            <subfield code="a">7</subfield>
            <subfield code="b">cbc</subfield>
            <subfield code="c">orignew</subfield>
            <subfield code="d">1</subfield>
            <subfield code="e">ecip</subfield>
            <subfield code="f">20</subfield>
            <subfield code="g">y-gencatlg</subfield>
          </datafield>
          <datafield tag="925" ind1="0" ind2=" ">
            <subfield code="a">acquire</subfield>
            <subfield code="b">2 shelf copies</subfield>
            <subfield code="x">policy default</subfield>
          </datafield>
          <datafield tag="955" ind1=" " ind2=" ">
            <subfield code="a">lh38 2002-01-16</subfield>
            <subfield code="c">lh38 2002-01-16</subfield>
            <subfield code="d">lk29 2002-01-18, AA3s, to SL</subfield>
            <subfield code="e">lk13 2002-01-22 to Dewey</subfield>
            <subfield code="a">aa19 2002-01-23</subfield>
            <subfield code="a">ps16 2002-07-12 bk rec'd, to CIP ver.;</subfield>
            <subfield code="f">pv04 2002-07-17 CIP ver to BCCD</subfield>
          </datafield>
          <datafield tag="010" ind1=" " ind2=" ">
            <subfield code="a">  2002000555</subfield>
          </datafield>
          <datafield tag="020" ind1=" " ind2=" ">
            <subfield code="a">0875652646 (trade paper : alk. paper)</subfield>
          </datafield>
          <datafield tag="040" ind1=" " ind2=" ">
            <subfield code="a">DLC</subfield>
            <subfield code="c">DLC</subfield>
            <subfield code="d">DLC</subfield>
          </datafield>
          <datafield tag="043" ind1=" " ind2=" ">
            <subfield code="a">n-us-tx</subfield>
          </datafield>
          <datafield tag="050" ind1="0" ind2="0">
            <subfield code="a">F392.B53</subfield>
            <subfield code="b">H37 2002</subfield>
          </datafield>
          <datafield tag="082" ind1="0" ind2="0">
            <subfield code="a">976.4/932</subfield>
            <subfield code="2">21</subfield>
          </datafield>
          <datafield tag="100" ind1="1" ind2=" ">
            <subfield code="a">Henderson, Aileen Kilgore,</subfield>
            <subfield code="d">1921-2023.</subfield>
          </datafield>
          <datafield tag="245" ind1="1" ind2="0">
            <subfield code="a">Tenderfoot teacher :</subfield>
            <subfield code="b">letters from the Big Bend, 1952-1954 /</subfield>
            <subfield code="c">by Aileen Kilgore Henderson ; foreword by Roland H. Wauer.</subfield>
          </datafield>
          <datafield tag="260" ind1=" " ind2=" ">
            <subfield code="a">Fort Worth, Tex. :</subfield>
            <subfield code="b">TCU Press,</subfield>
            <subfield code="c">c2002.</subfield>
          </datafield>
          <datafield tag="300" ind1=" " ind2=" ">
            <subfield code="a">xiv, 156 p. :</subfield>
            <subfield code="b">ill. ;</subfield>
            <subfield code="c">23 cm.</subfield>
          </datafield>
          <datafield tag="440" ind1=" " ind2="0">
            <subfield code="a">Chisholm Trail series ;</subfield>
            <subfield code="v">no. 21</subfield>
          </datafield>
          <datafield tag="505" ind1="0" ind2=" ">
            <subfield code="a">A tenderfoot in wild country, August 1952-July 1953 -- The second year, September 1953-May 1954.</subfield>
          </datafield>
          <datafield tag="600" ind1="1" ind2="0">
            <subfield code="a">Henderson, Aileen Kilgore,</subfield>
            <subfield code="d">1921-2023</subfield>
            <subfield code="v">Correspondence.</subfield>
          </datafield>
          <datafield tag="651" ind1=" " ind2="0">
            <subfield code="a">Big Bend National Park (Tex.)</subfield>
            <subfield code="x">Description and travel.</subfield>
          </datafield>
          <datafield tag="650" ind1=" " ind2="0">
            <subfield code="a">Natural history</subfield>
            <subfield code="z">Texas</subfield>
            <subfield code="z">Big Bend National Park.</subfield>
          </datafield>
          <datafield tag="651" ind1=" " ind2="0">
            <subfield code="a">Big Bend National Park (Tex.)</subfield>
            <subfield code="v">Biography.</subfield>
          </datafield>
          <datafield tag="650" ind1=" " ind2="0">
            <subfield code="a">Teachers</subfield>
            <subfield code="z">Texas</subfield>
            <subfield code="z">Big Bend National Park</subfield>
            <subfield code="v">Correspondence.</subfield>
          </datafield>
          <datafield tag="600" ind1="1" ind2="0">
            <subfield code="a">Henderson, Aileen Kilgore,</subfield>
            <subfield code="d">1921-2023</subfield>
            <subfield code="x">Homes and haunts</subfield>
            <subfield code="z">Texas</subfield>
            <subfield code="z">Big Bend National Park.</subfield>
          </datafield>
        </record>
      </zs:recordData>
      <zs:recordPosition>16</zs:recordPosition>
    </zs:record>