
    <zs:record>
      <zs:recordSchema/>
      <zs:recordPacking>xml</zs:recordPacking>
      <zs:recordData>
        <record xmlns="http://www.loc.gov/MARC21/slim">
          <leader>04501cam a2200397 i 4500</leader>
          <controlfield tag="001">22302397</controlfield>
          <controlfield tag="005">20230805173912.0</controlfield>
          <controlfield tag="008">211030s2022    alu           000 0aeng  </controlfield>
          <datafield tag="906" ind1=" " ind2=" ">
            <subfield code="a">7</subfield>
            <subfield code="b">cbc</subfield>
            <subfield code="c">orignew</subfield>
            <subfield code="d">1</subfield>
            <subfield code="e">ecip</subfield>
            <subfield code="f">20</subfield>
            <subfield code="g">y-gencatlg</subfield>
          </datafield>
          <datafield tag="925" ind1="0" ind2=" ">
            <subfield code="a">acquire</subfield>
            <subfield code="b">2 shelf copies</subfield>
            <subfield code="x">policy default (ex.)</subfield>
          </datafield>
          <datafield tag="955" ind1=" " ind2=" ">
            <subfield code="b">LBSOR 2021-11-30</subfield>
            <subfield code="d">rf26 2021-11-10</subfield>
            <subfield code="e">rf26 2021-11-10</subfield>
            <subfield code="w">rf26 2021-11-10 (TW situational)</subfield>
            <subfield code="a">xn19 2022-06-09 1 copy rec'd., to CIP ver.</subfield>
            <subfield code="f">rf29 2022-06-15 to CMD</subfield>
            <subfield code="t">rf06 2023-03-09 to CMD</subfield>
            <subfield code="s">rf06 2023-03-09 to surplus barcode 00462537827</subfield>
          </datafield>
          <datafield tag="010" ind1=" " ind2=" ">
            <subfield code="a">  2021050551</subfield>
          </datafield>
          <datafield tag="020" ind1=" " ind2=" ">
            <subfield code="a">9780817321338</subfield>
            <subfield code="q">(hardcover)</subfield>
          </datafield>
          <datafield tag="020" ind1=" " ind2=" ">
            <subfield code="z">9780817394134</subfield>
            <subfield code="q">(ebook)</subfield>
          </datafield>
          <datafield tag="040" ind1=" " ind2=" ">
            <subfield code="a">LBSOR/DLC</subfield>
            <subfield code="b">eng</subfield>
            <subfield code="e">rda</subfield>
            <subfield code="c">DLC</subfield>
            <subfield code="d">DLC</subfield>
          </datafield>
          <datafield tag="042" ind1=" " ind2=" ">
            <subfield code="a">pcc</subfield>
          </datafield>
          <datafield tag="043" ind1=" " ind2=" ">
            <subfield code="a">n-us-al</subfield>
          </datafield>
          <datafield tag="050" ind1="0" ind2="0">
            <subfield code="a">F334.B76</subfield>
            <subfield code="b">H46 2021</subfield>
          </datafield>
          <datafield tag="082" ind1="0" ind2="0">
            <subfield code="a">976.1/84092</subfield>
            <subfield code="a">B</subfield>
            <subfield code="2">23/eng/20211110</subfield>
          </datafield>
          <datafield tag="100" ind1="1" ind2=" ">
            <subfield code="a">Henderson, Aileen Kilgore,</subfield>
            <subfield code="d">1921-2023,</subfield>
            <subfield code="e">author.</subfield>
          </datafield>
          <datafield tag="245" ind1="1" ind2="0">
            <subfield code="a">When the wolf camped at our door :</subfield>
            <subfield code="b">my childhood in the Great Depression /</subfield>
            <subfield code="c">Aileen Kilgore Henderson.</subfield>
          </datafield>
          <datafield tag="246" ind1="3" ind2="0">
            <subfield code="a">My childhood in the Great Depression</subfield>
          </datafield>
          <datafield tag="264" ind1=" " ind2="1">
            <subfield code="a">Tuscaloosa :</subfield>
            <subfield code="b">The University of Alabama Press,</subfield>
            <subfield code="c">[2022]</subfield>
          </datafield>
          <datafield tag="300" ind1=" " ind2=" ">
            <subfield code="a">125 pages ;</subfield>
            <subfield code="c">23 cm</subfield>
          </datafield>
          <datafield tag="336" ind1=" " ind2=" ">
            <subfield code="a">text</subfield>
            <subfield code="b">txt</subfield>
            <subfield code="2">rdacontent</subfield>
          </datafield>
          <datafield tag="337" ind1=" " ind2=" ">
            <subfield code="a">unmediated</subfield>
            <subfield code="b">n</subfield>
            <subfield code="2">rdamedia</subfield>
          </datafield>
          <datafield tag="338" ind1=" " ind2=" ">
            <subfield code="a">volume</subfield>
            <subfield code="b">nc</subfield>
            <subfield code="2">rdacarrier</subfield>
          </datafield>
          <datafield tag="505" ind1="0" ind2=" ">
            <subfield code="a">Oscar meets an ottomobeel -- Alma's dime -- Friends again -- Mama prevents murder -- Ichabod gets lost -- Home remedies -- Summer of decision -- Thanksgiving day -- Mary Alice goes into business -- Miss know-it-all -- Summer nights after supper -- The Howton Horror -- Shangri-la -- Aileen falls by the wayside -- A visit from the Detroit cousins -- The KKK checks up on Big Hurricane Baptist -- Depression wedding -- Uncle Joe and the King of England -- Virgie's grandmother -- Granny Price's birthday celebration -- Mrs. Prude and her sons -- Belle -- Teensy's family -- Uncle Nat helps raise a submarine -- Aileen discovers football -- A movie star thrill -- Magic at the new Bama Theatre.</subfield>
          </datafield>
          <datafield tag="520" ind1=" " ind2=" ">
            <subfield code="a">"Aileen Kilgore Henderson was born in 1921 in a mining camp that no longer exists. After her father lost his job, the family moved to a small farm in nearby Brookwood, Alabama, where they struggled to make ends meet, cobbling together odd jobs and working the land by hand. When The Wolf Camped at Our Door recounts the difficulties and joys the Kilgore family and their neighbors shared in this poor but close-knit rural community during the Great Depression. The book begins when young Aileen is ten years old and follows her into her teenage years over the course of twenty-seven episodic chapters. Drawing on her girlhood diaries and told through the charismatic voice of her younger self, Henderson's nuanced storytelling sheds light on the common struggle for sustenance during a time when people were at their most vulnerable.   Against the backdrop of a world where hard work and harsh conditions like hunger, privation, sickness, and early death were everyday realities, Henderson's stories are nevertheless tinged with young Aileen's lively sense of humor and optimistic faith in people and the promise of life despite trying circumstances. We follow her rambles in the woods, her visits with friends, a trip to a fortune teller, and search for the Howton Horror, a mysterious monster rumored to live deep in the Alabama backwoods. We meet her parents, siblings, schoolmates, visiting relatives, church community, and a host of other local characters-even an uncomfortable visit from the KKK during a church service. Gradually Aileen's childhood innocence is tempered by a more nuanced recognition of the complexities of her world. Henderson underscores this point with a series of questions meant to engage the reader at the end of her introduction which would be useful in a classroom discussion or a book club. Set before her final coming of age described in The World through the Dime Store Door, When the Wolf Camped at Our Door creates a vivid portrait of what life was like for many living in the rural South during the Depression and provides context for their everyday lives"--</subfield>
            <subfield code="c">Provided by publisher.</subfield>
          </datafield>
          <datafield tag="600" ind1="1" ind2="0">
            <subfield code="a">Henderson, Aileen Kilgore,</subfield>
            <subfield code="d">1921-2023</subfield>
            <subfield code="x">Childhood and youth.</subfield>
          </datafield>
          <datafield tag="600" ind1="1" ind2="0">
            <subfield code="a">Henderson, Aileen Kilgore,</subfield>
            <subfield code="d">1921-2023</subfield>
            <subfield code="x">Family.</subfield>
          </datafield>
          <datafield tag="650" ind1=" " ind2="0">
            <subfield code="a">Depressions</subfield>
            <subfield code="y">1929</subfield>
            <subfield code="z">Alabama</subfield>
            <subfield code="z">Brookwood (Tuscaloosa County)</subfield>
          </datafield>
          <datafield tag="651" ind1=" " ind2="0">
            <subfield code="a">Brookwood (Tuscaloosa County, Ala.)</subfield>
            <subfield code="x">Social life and customs.</subfield>
          </datafield>
          <datafield tag="600" ind1="3" ind2="0">
            <subfield code="a">Kilgore family.</subfield>
          </datafield>
          <datafield tag="651" ind1=" " ind2="0">
            <subfield code="a">Brookwood (Tuscaloosa County, Ala.)</subfield>
            <subfield code="v">Biography.</subfield>
          </datafield>
          <datafield tag="985" ind1=" " ind2=" ">
            <subfield code="a">LBSORCIP</subfield>
            <subfield code="d">2021-11-30</subfield>
          </datafield>
        </record>
      </zs:recordData>
      <zs:recordPosition>18</zs:recordPosition>
    </zs:record>